@Book{xie2015,
  title = {Dynamic Documents with {R} and knitr},
  author = {Yihui Xie},
  publisher = {Chapman and Hall/CRC},
  address = {Boca Raton, Florida},
  year = {2015},
  edition = {2nd},
  note = {ISBN 978-1498716963},
  url = {http://yihui.name/knitr/},
}

@Book{pythonDataScienceHandBook,
  title = {The Python Data Science Handbook: Essential tools for working with data},
  author = {Jake VanderPlas},
  publisher = {O'Reilly},
  year = {2017},
  note = {ISBN 978-1-491-91205-8},
  url = {https://github.com/jakevdp/PythonDataScienceHandbook},
}
